<?xml version="1.0" encoding="UTF-8"?>
<marc:collection xmlns:marc="http://www.loc.gov/MARC21/slim" xmlns:xsi="http://www.w3.org/2001/XMLSchema-instance" xsi:schemaLocation="http://www.loc.gov/MARC21/slim http://www.loc.gov/standards/marcxml/schema/MARC21slim.xsd">
   <marc:record type="Bibliographic">
      <marc:leader>02517cam a2200421 a 4500</marc:leader>
      <marc:controlfield tag="001">1149126</marc:controlfield>
      <marc:controlfield tag="003">NjP</marc:controlfield>
      <marc:controlfield tag="005">20150109094742.0</marc:controlfield>
      <marc:controlfield tag="008">970613s1866    sy            000 0 ara d</marc:controlfield>
      <marc:datafield tag="024" ind1="7" ind2=" ">
         <marc:subfield code="a">princeton_aco000989</marc:subfield>
         <marc:subfield code="2">local</marc:subfield>
      </marc:datafield>
      <marc:datafield tag="035" ind1=" " ind2=" ">
         <marc:subfield code="a">(OCoLC)ocn176723182</marc:subfield>
      </marc:datafield>
      <marc:datafield tag="035" ind1=" " ind2=" ">
         <marc:subfield code="a">(OCoLC)176723182</marc:subfield>
      </marc:datafield>
      <marc:datafield tag="035" ind1=" " ind2=" ">
         <marc:subfield code="a">(CStRLIN)NJPG97-B33823</marc:subfield>
      </marc:datafield>
      <marc:datafield tag="035" ind1=" " ind2=" ">
         <marc:subfield code="9">CCP8253TS</marc:subfield>
      </marc:datafield>
      <marc:datafield tag="035" ind1=" " ind2=" ">
         <marc:subfield code="a">(NjP)1149126</marc:subfield>
      </marc:datafield>
      <marc:datafield tag="040" ind1=" " ind2=" ">
         <marc:subfield code="a">NjP</marc:subfield>
         <marc:subfield code="c">PUL</marc:subfield>
         <marc:subfield code="d">PUL</marc:subfield>
      </marc:datafield>
      <marc:datafield tag="049" ind1=" " ind2=" ">
         <marc:subfield code="a">PULL</marc:subfield>
      </marc:datafield>
      <marc:datafield tag="079" ind1=" " ind2=" ">
         <marc:subfield code="a">ocm37169444</marc:subfield>
      </marc:datafield>
      <marc:datafield tag="100" ind1="1" ind2=" ">
         <marc:subfield code="6">880-01</marc:subfield>
         <marc:subfield code="a">Nābulusī, ʻAbd al-Ghanī ibn Ismāʻīl,</marc:subfield>
         <marc:subfield code="d">1641-1731.</marc:subfield>
      </marc:datafield>
      <marc:datafield tag="240" ind1="1" ind2="0">
         <marc:subfield code="6">880-02</marc:subfield>
         <marc:subfield code="a">Kifāyat al-ghulām fī arkān al-Islām</marc:subfield>
      </marc:datafield>
      <marc:datafield tag="245" ind1="1" ind2="0">
         <marc:subfield code="6">880-03</marc:subfield>
         <marc:subfield code="a">Hādhā Kitāb Kifāyat al-ghulām fī jumlat arkān al-Islām ʻalá madhhab al-Imām al-Aʻẓam Abī Ḥanīfah al-akram /</marc:subfield>
         <marc:subfield code="c">ʻAbd al-Ghanī al-Nābulusī al-Ḥanafī al-Dimashqī al-Ṣāliḥī al-Qādirī al-Naqshabandī.</marc:subfield>
      </marc:datafield>
      <marc:datafield tag="246" ind1="3" ind2="0">
         <marc:subfield code="6">880-04</marc:subfield>
         <marc:subfield code="a">Kifāyat al-ghulām fī jumlat arkān al-Islām ʻalá madhhab al-Imām al-Aʻẓam Abī Ḥanīfah al-akram</marc:subfield>
      </marc:datafield>
      <marc:datafield tag="246" ind1="3" ind2="0">
         <marc:subfield code="6">880-05</marc:subfield>
         <marc:subfield code="a">Kitāb Kifāyat al-ghulām fī jumlat arkān al-Islām ʻalá madhhab al-Imām al-Aʻẓam Abī Ḥanīfah al-akram</marc:subfield>
      </marc:datafield>
      <marc:datafield tag="260" ind1=" " ind2=" ">
         <marc:subfield code="6">880-06</marc:subfield>
         <marc:subfield code="a">Dimashq :</marc:subfield>
         <marc:subfield code="b">al-Maṭbaʻah al-Dūmānīyah,</marc:subfield>
         <marc:subfield code="c">1283 [1866]</marc:subfield>
      </marc:datafield>
      <marc:datafield tag="300" ind1=" " ind2=" ">
         <marc:subfield code="a">12 p. ;</marc:subfield>
         <marc:subfield code="c">21 cm.</marc:subfield>
      </marc:datafield>
      <marc:datafield tag="500" ind1=" " ind2=" ">
         <marc:subfield code="a">Title from beginning of text on p. 1.</marc:subfield>
      </marc:datafield>
      <marc:datafield tag="650" ind1=" " ind2="0">
         <marc:subfield code="a">Islam</marc:subfield>
         <marc:subfield code="x">Early works to 1800.</marc:subfield>
      </marc:datafield>
      <marc:datafield tag="880" ind1="1" ind2=" ">
         <marc:subfield code="6">100-01/r</marc:subfield>
         <marc:subfield code="a">نابلسي، عبد الغني بن اسماعيل،</marc:subfield>
         <marc:subfield code="d">1641-1731.</marc:subfield>
      </marc:datafield>
      <marc:datafield tag="880" ind1="1" ind2="0">
         <marc:subfield code="6">240-02/r</marc:subfield>
         <marc:subfield code="a">كفاية الغلام في اركان الاسلام</marc:subfield>
      </marc:datafield>
      <marc:datafield tag="880" ind1="1" ind2="0">
         <marc:subfield code="6">245-03/r</marc:subfield>
         <marc:subfield code="a">هذا كتاب كفاية الغلام في جملة اركان الاسلام على مذهب الامام الاعظم ابي حنيفة الاكرم /</marc:subfield>
         <marc:subfield code="c">عبد الغني النابلسي الحنفي الدمشقي الصالحي القادري النقشبندي.</marc:subfield>
      </marc:datafield>
      <marc:datafield tag="880" ind1="3" ind2="0">
         <marc:subfield code="6">246-04/r</marc:subfield>
         <marc:subfield code="a">كفاية الغلام في جملة اركان الاسلام على مذهب الامام الاعظم ابي حنيفة الاكرم</marc:subfield>
      </marc:datafield>
      <marc:datafield tag="880" ind1="3" ind2="0">
         <marc:subfield code="6">246-05/r</marc:subfield>
         <marc:subfield code="a">كتاب كفاية الغلام في جملة اركان الاسلام على مذهب الامام الاعظم ابي حنيفة الاكرم</marc:subfield>
      </marc:datafield>
      <marc:datafield tag="880" ind1=" " ind2=" ">
         <marc:subfield code="6">260-06/r</marc:subfield>
         <marc:subfield code="a">دمشق :</marc:subfield>
         <marc:subfield code="b">المطبعة الدومانية،</marc:subfield>
         <marc:subfield code="c">1283 [1866]</marc:subfield>
      </marc:datafield>
      <marc:datafield tag="852" ind1="0" ind2=" ">
         <marc:subfield code="b">nec</marc:subfield>
         <marc:subfield code="h">BP160</marc:subfield>
         <marc:subfield code="i">.N338 1866</marc:subfield>
         <marc:subfield code="p">1316944</marc:subfield>
         <marc:subfield code="x">reclassed from: 2272.6974.352 1866</marc:subfield>
      </marc:datafield>
      <marc:datafield tag="856" ind1="4" ind2=" ">
         <marc:subfield code="u">http://hdl.handle.net/2027/njp.32101033392604</marc:subfield>
      </marc:datafield>
      <marc:datafield tag="998" ind1=" " ind2=" ">
         <marc:subfield code="a">06/13/97</marc:subfield>
         <marc:subfield code="s">9114</marc:subfield>
         <marc:subfield code="n">NjP</marc:subfield>
         <marc:subfield code="d">06/13/97</marc:subfield>
         <marc:subfield code="c">JEB</marc:subfield>
         <marc:subfield code="b">JEB</marc:subfield>
         <marc:subfield code="i">970613</marc:subfield>
         <marc:subfield code="l">NJPG</marc:subfield>
      </marc:datafield>
      <marc:datafield tag="911" ind1=" " ind2=" ">
         <marc:subfield code="a">19970619</marc:subfield>
      </marc:datafield>
      <marc:datafield tag="912" ind1=" " ind2=" ">
         <marc:subfield code="a">19970613000000.0</marc:subfield>
      </marc:datafield>
      <marc:datafield tag="994" ind1=" " ind2=" ">
         <marc:subfield code="a">C0</marc:subfield>
         <marc:subfield code="b">PUL</marc:subfield>
      </marc:datafield>
      <marc:datafield tag="999" ind1=" " ind2=" ">
         <marc:subfield code="a">1149126</marc:subfield>
      </marc:datafield>
   </marc:record>
</marc:collection>
